@Article{Reddington2013,
  author = 	 {C. L. Reddington and G. McMeeking and G. W. Mann and H. Coe and M. G. Frontoso and D. Liu and M. Flynn and D. V. Spracklen and K. S. Carslaw},
  title = 	 {The mass and number size distributions of black carbon aerosol over {E}urope},
  journal = 	 {Atmos. Chem. Phys.},
  year = 	 {2013},
  volume = 	 {13},
  pages = 	 {4917--4939},
}
